@book{goksel2004turkish,
  title={Turkish: A comprehensive grammar},
  author={G{\"o}ksel, Asl{\i} and Kerslake, Celia},
  year={2004},
  publisher={Routledge}
}